[gd_scene load_steps=19 format=3 uid="uid://doi4fj0nc6d8b"]

[ext_resource type="Script" path="res://scripts/Player.cs" id="1_a3kr5"]
[ext_resource type="Texture2D" uid="uid://bejn5aucwiw8v" path="res://sprites/player.png" id="2_kovpf"]
[ext_resource type="AudioStream" uid="uid://crraed0bni4bf" path="res://music/244652__greenvwbeetle__pop-4.ogg" id="3_ngu12"]

[sub_resource type="AtlasTexture" id="AtlasTexture_gycxd"]
atlas = ExtResource("2_kovpf")
region = Rect2(0, 0, 48, 48)

[sub_resource type="AtlasTexture" id="AtlasTexture_rsx5f"]
atlas = ExtResource("2_kovpf")
region = Rect2(48, 0, 48, 48)

[sub_resource type="AtlasTexture" id="AtlasTexture_fqhn6"]
atlas = ExtResource("2_kovpf")
region = Rect2(96, 0, 48, 48)

[sub_resource type="AtlasTexture" id="AtlasTexture_1ljj7"]
atlas = ExtResource("2_kovpf")
region = Rect2(144, 48, 48, 48)

[sub_resource type="AtlasTexture" id="AtlasTexture_3xn3o"]
atlas = ExtResource("2_kovpf")
region = Rect2(144, 0, 48, 48)

[sub_resource type="AtlasTexture" id="AtlasTexture_q1vb8"]
atlas = ExtResource("2_kovpf")
region = Rect2(192, 0, 48, 48)

[sub_resource type="AtlasTexture" id="AtlasTexture_8ooas"]
atlas = ExtResource("2_kovpf")
region = Rect2(240, 48, 48, 48)

[sub_resource type="AtlasTexture" id="AtlasTexture_nqb53"]
atlas = ExtResource("2_kovpf")
region = Rect2(192, 48, 48, 48)

[sub_resource type="SpriteFrames" id="SpriteFrames_ow1uv"]
animations = [{
"frames": [{
"duration": 1.0,
"texture": SubResource("AtlasTexture_gycxd")
}, {
"duration": 1.0,
"texture": SubResource("AtlasTexture_rsx5f")
}, {
"duration": 1.0,
"texture": SubResource("AtlasTexture_fqhn6")
}, {
"duration": 1.0,
"texture": SubResource("AtlasTexture_1ljj7")
}, {
"duration": 1.0,
"texture": SubResource("AtlasTexture_fqhn6")
}, {
"duration": 1.0,
"texture": SubResource("AtlasTexture_3xn3o")
}, {
"duration": 1.0,
"texture": SubResource("AtlasTexture_q1vb8")
}],
"loop": true,
"name": &"blink",
"speed": 6.0
}, {
"frames": [{
"duration": 1.0,
"texture": SubResource("AtlasTexture_8ooas")
}],
"loop": false,
"name": &"look_left",
"speed": 6.0
}, {
"frames": [{
"duration": 1.0,
"texture": SubResource("AtlasTexture_nqb53")
}],
"loop": false,
"name": &"look_right",
"speed": 5.0
}]

[sub_resource type="RectangleShape2D" id="RectangleShape2D_ese03"]
size = Vector2(48, 48)

[sub_resource type="Animation" id="Animation_tvotr"]
resource_name = "fall"
tracks/0/type = "value"
tracks/0/imported = false
tracks/0/enabled = true
tracks/0/path = NodePath("AnimatedSprite2D:scale")
tracks/0/interp = 2
tracks/0/loop_wrap = true
tracks/0/keys = {
"times": PackedFloat32Array(0, 0.5),
"transitions": PackedFloat32Array(0.406126, 1),
"update": 0,
"values": [Vector2(1, 1), Vector2(1.2, 0.8)]
}

[sub_resource type="Animation" id="Animation_dm4fo"]
resource_name = "jump"
length = 0.4
tracks/0/type = "value"
tracks/0/imported = false
tracks/0/enabled = true
tracks/0/path = NodePath("AnimatedSprite2D:scale")
tracks/0/interp = 2
tracks/0/loop_wrap = true
tracks/0/keys = {
"times": PackedFloat32Array(0, 0.2, 0.37),
"transitions": PackedFloat32Array(1, 0.258816, 1),
"update": 1,
"values": [Vector2(1, 1), Vector2(0.8, 1.2), Vector2(1, 1)]
}

[sub_resource type="Animation" id="Animation_6f574"]
resource_name = "none"
tracks/0/type = "value"
tracks/0/imported = false
tracks/0/enabled = true
tracks/0/path = NodePath("AnimatedSprite2D:scale")
tracks/0/interp = 1
tracks/0/loop_wrap = true
tracks/0/keys = {
"times": PackedFloat32Array(-0.1),
"transitions": PackedFloat32Array(1),
"update": 0,
"values": [Vector2(1, 1)]
}
tracks/1/type = "value"
tracks/1/imported = false
tracks/1/enabled = true
tracks/1/path = NodePath("AnimatedSprite2D:position")
tracks/1/interp = 1
tracks/1/loop_wrap = true
tracks/1/keys = {
"times": PackedFloat32Array(-0.1),
"transitions": PackedFloat32Array(1),
"update": 0,
"values": [Vector2(0, 0)]
}

[sub_resource type="AnimationLibrary" id="AnimationLibrary_6u88l"]
_data = {
"fall": SubResource("Animation_tvotr"),
"jump": SubResource("Animation_dm4fo"),
"none": SubResource("Animation_6f574")
}

[sub_resource type="RectangleShape2D" id="RectangleShape2D_ihl4x"]
size = Vector2(825, 20)

[node name="Player" type="CharacterBody2D"]
process_mode = 1
collision_mask = 6
script = ExtResource("1_a3kr5")
_moveSpeed = 600.0

[node name="AnimatedSprite2D" type="AnimatedSprite2D" parent="."]
scale = Vector2(1.2, 0.8)
sprite_frames = SubResource("SpriteFrames_ow1uv")
animation = &"look_right"

[node name="CollisionShape2D" type="CollisionShape2D" parent="."]
shape = SubResource("RectangleShape2D_ese03")

[node name="AnimationPlayer" type="AnimationPlayer" parent="."]
libraries = {
"": SubResource("AnimationLibrary_6u88l")
}

[node name="Area2D" type="Area2D" parent="."]
position = Vector2(0, 663)
collision_mask = 2

[node name="CollisionShape2D" type="CollisionShape2D" parent="Area2D"]
position = Vector2(-1.5, 0)
shape = SubResource("RectangleShape2D_ihl4x")

[node name="AudioStreamPlayer2D" type="AudioStreamPlayer2D" parent="."]
stream = ExtResource("3_ngu12")

[connection signal="body_entered" from="Area2D" to="." method="ObstacleOutOfView"]
